@article{Longuet1981,
  doi = {10.1038/293133a0},
  url = {https://doi.org/10.1038/293133a0},
  year  = {1981},
  month = {sep},
  publisher = {Springer Nature},
  volume = {293},
  number = {5828},
  pages = {133--135},
  author = {H. C. Longuet-Higgins},
  title = {A computer algorithm for reconstructing a scene from two projections},
  journal = {Nature}
}